
    <zs:record>
      <zs:recordSchema/>
      <zs:recordPacking>xml</zs:recordPacking>
      <zs:recordData>
        <record xmlns="http://www.loc.gov/MARC21/slim">
          <leader>01225cam a22003491  4500</leader>
          <controlfield tag="001">5938364</controlfield>
          <controlfield tag="005">20230825144446.0</controlfield>
          <controlfield tag="008">720223s1925    nyuab    b    000 0 eng  </controlfield>
          <datafield tag="906" ind1=" " ind2=" ">
            <subfield code="a">7</subfield>
            <subfield code="b">cbc</subfield>
            <subfield code="c">oclcrpl</subfield>
            <subfield code="d">u</subfield>
            <subfield code="e">ncip</subfield>
            <subfield code="f">19</subfield>
            <subfield code="g">y-gencatlg</subfield>
          </datafield>
          <datafield tag="955" ind1=" " ind2=" ">
            <subfield code="u">ma02 2023-08-25 telework</subfield>
          </datafield>
          <datafield tag="035" ind1=" " ind2=" ">
            <subfield code="9">(DLC)   30024008</subfield>
          </datafield>
          <datafield tag="010" ind1=" " ind2=" ">
            <subfield code="a">   30024008 </subfield>
          </datafield>
          <datafield tag="035" ind1=" " ind2=" ">
            <subfield code="a">(OCoLC)248236</subfield>
          </datafield>
          <datafield tag="040" ind1=" " ind2=" ">
            <subfield code="a">DLC</subfield>
            <subfield code="c">OAU</subfield>
            <subfield code="d">OClW-H</subfield>
            <subfield code="d">OCoLC</subfield>
            <subfield code="d">DLC</subfield>
          </datafield>
          <datafield tag="041" ind1="1" ind2=" ">
            <subfield code="a">eng</subfield>
            <subfield code="h">und</subfield>
          </datafield>
          <datafield tag="042" ind1=" " ind2=" ">
            <subfield code="a">premarc</subfield>
          </datafield>
          <datafield tag="050" ind1="0" ind2="0">
            <subfield code="a">GN738</subfield>
            <subfield code="b">.M785 1925</subfield>
          </datafield>
          <datafield tag="082" ind1=" " ind2=" ">
            <subfield code="a">571</subfield>
          </datafield>
          <datafield tag="100" ind1="1" ind2=" ">
            <subfield code="a">Morgan, Jacques Jean Marie de,</subfield>
            <subfield code="d">1857-1924.</subfield>
          </datafield>
          <datafield tag="245" ind1="1" ind2="0">
            <subfield code="a">Prehistoric man;</subfield>
            <subfield code="b">a general outline of prehistory,</subfield>
            <subfield code="c">by Jacques de Morgan ...</subfield>
          </datafield>
          <datafield tag="260" ind1=" " ind2=" ">
            <subfield code="a">New York,</subfield>
            <subfield code="b">A.A. Knopf,</subfield>
            <subfield code="c">1925.</subfield>
          </datafield>
          <datafield tag="300" ind1=" " ind2=" ">
            <subfield code="a">xxiii, 304 p.</subfield>
            <subfield code="b">illus. (incl. maps)</subfield>
            <subfield code="c">24 cm.</subfield>
          </datafield>
          <datafield tag="490" ind1="0" ind2=" ">
            <subfield code="a">The history of civilization. [Pre-history and antiquity]</subfield>
          </datafield>
          <datafield tag="500" ind1=" " ind2=" ">
            <subfield code="a">"Translated by J.H. Paxton and V.C.C. Collum."</subfield>
          </datafield>
          <datafield tag="500" ind1=" " ind2=" ">
            <subfield code="a">"Printed in Great Britain."</subfield>
          </datafield>
          <datafield tag="504" ind1=" " ind2=" ">
            <subfield code="a">Bibliography: p. 297-298.</subfield>
          </datafield>
          <datafield tag="650" ind1=" " ind2="0">
            <subfield code="a">Archaeology.</subfield>
          </datafield>
          <datafield tag="650" ind1=" " ind2="0">
            <subfield code="a">Prehistoric peoples.</subfield>
          </datafield>
          <datafield tag="700" ind1="1" ind2=" ">
            <subfield code="a">Paxton, J. H.,</subfield>
            <subfield code="e">translator.</subfield>
          </datafield>
          <datafield tag="700" ind1="1" ind2=" ">
            <subfield code="a">Collum, Vera Christina Chute,</subfield>
            <subfield code="d">1883-</subfield>
            <subfield code="e">translator.</subfield>
          </datafield>
          <datafield tag="985" ind1=" " ind2=" ">
            <subfield code="e">OCLC REPLACEMENT cdsdistr</subfield>
          </datafield>
          <datafield tag="991" ind1=" " ind2=" ">
            <subfield code="b">c-GenColl</subfield>
            <subfield code="h">GN738</subfield>
            <subfield code="i">.M785 1925</subfield>
            <subfield code="t">Copy 1</subfield>
            <subfield code="w">OCLCREP</subfield>
          </datafield>
        </record>
      </zs:recordData>
      <zs:recordPosition>8</zs:recordPosition>
    </zs:record>